% Encoding: UTF-8

@Article{Noor2017,
  author  = {Noor, Ahmed K.},
  title   = {{AI} and the Future of the Machine Design},
  journal = {Mechanical Engineering Magazine Select Articles},
  year    = {2017},
  volume  = {139},
  number  = {10},
  pages   = {38--43},
  month   = {10},
}

@Article{Khan2012,
  author  = {Khan, Said G. and Herrmann, Guido and Lewis, Frank L. and Pipe, Tony and Melhuish, Chris},
  title   = {Reinforcement learning and optimal adaptive control: An overview and implementation examples},
  journal = {Annual Reviews in Control},
  year    = {2012},
  volume  = {36},
  number  = {1},
  pages   = {42-59},
}

@Article{Busoniu2018,
  author  = {Busoniu, Lucian and De Bruin, Tim and Tolic, Domajog and Kober, Jens and Palunko, Ivanna},
  title   = {Reinforcement learning for control: Performance, stability, and deep approximators},
  journal = {Annual Reviews in Control},
  year    = {2018},
  volume  = {46},
  pages   = {8-28},
}

@Conference{Gorges2017,
  author    = {Daniel Gorges},
  title     = {Relations between Model Predictive Control and Reinforcement Learning},
  booktitle = {20th IFAC World Congress},
  year      = {2017},
  editor    = {Elsevier},
  pages     = {4920-4928},
}

@Article{Bahrampour2011,
  author  = {Bahrampour, Soheil and Moshiri, Behzad and Salahshoor, Karim},
  title   = {Weighted and constrained possibilistic C-means clustering for online fault detection and isolation},
  journal = {Applied Intelligence},
  year    = {2011},
  volume  = {35},
  number  = {2},
  pages   = {269-284},
  month   = {Oct},
  day     = {01},
}

@Article{Papadimitropoulos2007,
  author  = {A. {Papadimitropoulos} and G. A. {Rovithakis} and T. {Parisini}},
  title   = {Fault Detection in Mechanical Systems With Friction Phenomena: An Online Neural Approximation Approach},
  journal = {IEEE Transactions on Neural Networks},
  year    = {2007},
  volume  = {18},
  number  = {4},
  pages   = {1067-1082},
  month   = {July},
}

@Article{Liang2007,
  author  = {J. Liang and R. Du},
  title   = {Model-based Fault Detection and Diagnosis of {HVAC} systems using Support Vector Machine method},
  journal = {International Journal of Refrigeration},
  year    = {2007},
  volume  = {30},
  number  = {6},
  pages   = {1104 - 1114},
}

@Conference{Lim2016,
  author    = {P. Lim and C. K. Goh and K. C. Tan},
  title     = {A time-window neural networks based framework for remaining useful life estimation},
  booktitle = {Proceedings International Joint Conference on Neural Networks},
  year      = {2016},
  pages     = {1746-1753},
}

@Article{Li2018,
  author  = {X. Li and Q. Ding and J. Sun},
  title   = {Remaining Useful Life estimation in prognostics using deep Convolution Neural Networks},
  journal = {Reliability Engineering and System Safety},
  year    = {2018},
  volume  = {172},
  pages   = {1-11},
}

@Article{Pandya2017,
  author  = {D.A. Pandya and B.H. Dennis and R.D. Russell},
  title   = {A computational fluid dynamics based artificial neural network model to predict solid particle erosion},
  journal = {Wear},
  year    = {2017},
  volume  = {378},
  pages   = {198-210},
}

@misc{McCracken2018,
Author = {Megan McCracken},
Title = {Artificial Neural Networks in Fluid Dynamics: A Novel Approach to the Navier-Stokes Equations},
Year = {2018},
howpublished={arXiv:1808.06604},
Doi = {10.1145/3219104.3229262},
}



@Book{Goodfellow2016,
  title     = {Deep Learning},
  publisher = {MIT Press},
  year      = {2016},
  author    = {Ian Goodfellow and Yoshua Bengio and Aaron Courville},
}

@InCollection{Goodfellow2014,
  author    = {Goodfellow, Ian and Pouget-Abadie, Jean and Mirza, Mehdi and others},
  title     = {Generative Adversarial Nets},
  booktitle = {Advances in Neural Information Processing Systems 27},
  publisher = {Curran Associates, Inc.},
  year      = {2014},
  pages     = {2672-2680},
}

@misc{Redmon2016,
Author = {Joseph Redmon and Ali Farhadi},
Title = {{YOLO9000}: Better, Faster, Stronger},
Year = {2016},
how_published = {arXiv:1612.08242},
}

@misc{Howard2017,
Author = {Andrew G. Howard and Menglong Zhu and Bo Chen and Dmitry Kalenichenko and others},
Title = {MobileNets: Efficient Convolutional Neural Networks for Mobile Vision Applications},
Year = {2017},
howpublished = {arXiv:1704.04861},
}

@Article{Ciresan2010,
Author = {Ciresan, Dan Claudiu and Meier, Ueli and Gambardella, Luca Maria and Schmidhuber, Jurgen},
title = {Deep, Big, Simple Neural Nets for Handwritten Digit Recognition},
journal = {Neural Computation},
volume = {22},
number = {12},
pages = {3207-3220},
year = {2010},
}

@misc{Mark2016,

Author = {Mark D. McDonnell and Tony Vladusich},
Title = {Enhanced Image Classification With a Fast-Learning Shallow Convolutional Neural Network},
Year = {2015},
howtoprint = {arXiv:1503.04596},
}

@misc{Malhorta2016,
Author = {Pankaj Malhotra and Vishnu TV and Anusha Ramakrishnan and Gaurangi Anand and Lovekesh Vig and Puneet Agarwal and Gautam Shroff},
Title = {Multi-Sensor Prognostics using an Unsupervised Health Index based on LSTM Encoder-Decoder},
Year = {2016},
howpublished = {arXiv:1608.06154},
}

@misc{Young2018,
Author = {Tom Young and Devamanyu Hazarika and Soujanya Poria and Erik Cambria},
Title = {Recent Trends in Deep Learning Based Natural Language Processing},
Year = {2017},
howpublished = {arXiv:1708.02709},
}

@Book{Mockus1989,
  title     = {Bayesian Approach to Global Optimization},
  publisher = {Springer},
  year      = {1989},
  author    = {Mockus, Jonas},
}

@misc{Liang2017,
Author = {Risto Miikkulainen and Jason Liang and Elliot Meyerson and Aditya Rawal and Dan Fink and others},
Title = {Evolving Deep Neural Networks},
Year = {2017},
howpublished = {arXiv:1703.00548},
}

@Article{Bergstra2012,
  author  = {Bergstra, James and Bengio, Yoshua},
  title   = {Random Search for Hyper-parameter Optimization},
  journal = {Journal of Machine Learning Research},
  year    = {2012},
  volume  = {13},
  pages   = {281--305},
  month   = feb,
}

@Book{Nocedal06,
  title     = {Numerical Optimization},
  publisher = {Springer},
  year      = {2006},
  author    = {Jorge Nocedal and Stephen J. Wright},
  address   = {New York, NY, USA},
  edition   = {second},
}

@InProceedings{Gebru2017,
  author    = {Gebru, Timnit and Krause, Jonathan and Wang, Yilun and Chen, Duyun and Deng, Jia and Aiden, Erez Lieberman and Fei-Fei, Li},
  title     = {Using deep learning and Google Street View to estimate the demographic makeup of neighborhoods across the United States},
  booktitle   = {Proceedings of the National Academy of Sciences},
  year      = {2017},
  volume    = {114},
  pages     = {13108-13113},
  publisher = {National Academy of Sciences},
}

@Article{Chandola2009,
  author     = {Chandola, Varun and Banerjee, Arindam and Kumar, Vipin},
  title      = {Anomaly Detection: A Survey},
  journal    = {ACM Computational Survey},
  year       = {2009},
  volume     = {41},
  number     = {3},
  pages      = {1-58},
  publisher  = {ACM},
}

@Article{Lewis2009,
  author  = {F. L. {Lewis} and D. {Vrabie}},
  title   = {Reinforcement learning and adaptive dynamic programming for feedback control},
  journal = {IEEE Circuits and Systems Magazine},
  year    = {2009},
  volume  = {9},
  number  = {3},
  pages   = {32-50},
  month   = {Third},
}

@misc{Lecun2010,
  author       = {LeCun, Y. and Cortes, C.},
  title        = {{MNIST} handwritten digit database},
  year         = {2010},
  howpublished = {http://yann.lecun.com/exdb/mnist/},
}

@Book{Sutton2018,
  title     = {Reinforcement Learning. An Introduction},
  publisher = {MIT Press},
  year      = {2018},
  author    = {Sutton, Richard and Barton, Andrew},
}

@Conference{Louen2013,
  author    = {C. Louen and S. X. Ding and C. Kandler},
  title     = {A new framework for remaining useful life estimation using support vector machine classifier},
  booktitle = {Conference on Control and Fault-Tolerant Systems},
  year      = {2013},
  pages     = {228-233},
}

@InProceedings{Trafalis2000,
  author    = {T. B. {Trafalis} and H. {Ince}},
  title     = {Support vector machine for regression and applications to financial forecasting},
  booktitle = {IEEE International Joint Conference on Neural Networks},
  year      = {2000},
  volume    = {6},
  pages     = {348-353},
  month     = {July},
}

@Article{Keunje2018,
  author  = {Yoo, Keunje and Yoo, Hyunji and Lee, Jae Min and Shukla, Sudheer and Park, Joonhong},
  title   = {Classification and Regression Tree Approach for Prediction of Potential Hazards of Urban Airborne Bacteria during Asian Dust Events},
  journal = {Scientific Reports},
  year    = {2018},
  volume  = {8},
  pages   = {1-11},
  month   = {08},
  doi     = {10.1038/s41598-018-29796-7},
}

@InProceedings{nisha2018,
  author       = {Nisha, OS Jannath and Bhanu, S Mary Saira},
  title        = {Permission-Based Android Malware Application Detection Using Multi-Layer Perceptron},
  booktitle    = {International Conference on Intelligent Systems Design and Applications},
  year         = {2018},
  pages        = {362--371},
  organization = {Springer},
}

@InCollection{Krizhevsky2012,
  author    = {Alex Krizhevsky and Sutskever, Ilya and Hinton, Geoffrey E},
  title     = {ImageNet Classification with Deep Convolutional Neural Networks},
  booktitle = {Advances in Neural Information Processing Systems 25},
  publisher = {Curran Associates, Inc.},
  year      = {2012},
  pages     = {1097-1105},
}

@Book{ng2018,
  title     = {Machine Learning Yearning},
  publisher = {DeepLearning.AI},
  year      = {2018},
  author    = {Andrew NG},
}

@misc{Ruder16,
Author = {Sebastian Ruder},
Title = {An overview of gradient descent optimization algorithms},
Year = {2016},
howpublished = {arXiv:1609.04747},
}

@Article{Rummelhart86,
  author  = {Rummelhart, David E. and Hinton, Geoffrey E. and Williams, J. Ronald},
  title   = {Learning representations by back-propagating errors},
  journal = {Nature. International Journal of Science},
  year    = {1986},
  volume  = {323},
  pages   = {533-536},
}

@misc{Zhou15,
Author = {Bolei Zhou and Aditya Khosla and Agata Lapedriza and Aude Oliva and Antonio Torralba},
Title = {Learning Deep Features for Discriminative Localization},
Year = {2015},
howpublished = {arXiv:1512.04150},
}

@Article{Huxley52,
  author  = {Huxley, A. F. and Hodgkin, A. L.},
  title   = {A quantitative description of membrane current and its application to conduction and excitation in nerve.},
  journal = {Journal of Physiology},
  year    = {1952},
  volume  = {117},
  number  = {4},
  pages   = {500-544},
}

@Article{Hornik1989,
  author  = {Kurt Hornik and Maxwell Stinchcombe and Halbert White},
  title   = {Multilayer feedforward networks are universal approximators},
  journal = {Neural Networks},
  year    = {1989},
  volume  = {2},
  number  = {5},
  pages   = {359 - 366},
}

@Article{werbos1998,
  author  = {Paul J. Werbos},
  title   = {Generalization of backpropagation with application to a recurrent gas market model},
  journal = {Neural Networks},
  year    = {1988},
  volume  = {1},
  number  = {4},
  pages   = {339-356},
}

@misc{cho2014,
Author = {Kyunghyun Cho and Bart van Merrienboer and Dzmitry Bahdanau and Yoshua Bengio},
Title = {On the Properties of Neural Machine Translation: Encoder-Decoder Approaches},
Year = {2014},
howpublished = {arXiv:1409.1259},
}

@Article{Hochreiter1977,
  author  = {Hochreiter, Sepp and Schmidhuber, Jürgen},
  title   = {Long Short-Term Memory},
  journal = {Neural Computation},
  year    = {1997},
  volume  = {9},
  number  = {8},
  pages   = {1735-1780},
}

@Conference{Zaidan2013,
  author    = {M.A. Zaidan and A.R. Mills and R.F. Harrison},
  title     = {Bayesian framework for aerospace gas turbine engine prognostics},
  booktitle = {Aerospace Conference},
  year      = {2013},
  editor    = {IEEE},
  pages     = {1-8},
}

@Article{Zhao2017,
  author  = {Z. Zhao and L. Bin and X. Wang and W. Lu},
  title   = {Remaining useful life prediction of aircraft engine based on degradation pattern learning},
  journal = {Reliability Engineering \& System Safety},
  year    = {2017},
  volume  = {164},
  pages   = {74-83},
}

@Article{Lee2014,
  author  = {J. Lee and F. Wu and W. Zhao and M. Ghaffari and L. Liao and D. Siegel},
  title   = {Prognostics and health management design for rotary machinery systems - Reviews, methodology and applications},
  journal = {Mechanical Systems and Signal Processing},
  year    = {2014},
  volume  = {42},
  number  = {12},
  pages   = {314-334},
}

@Article{Liu2009,
  author  = {J. Liu and G. Wang},
  title   = {A multi-state predictor with a variable input pattern for system state forecasting},
  journal = {Mechanical Systems and Signal Processing},
  year    = {2009},
  volume  = {23},
  number  = {5},
  pages   = {1586-1599},
}

@Article{Mosallam2013,
  author  = {A. Mosallam and K. Medjaher and N. Zerhouni},
  title   = {Nonparametric time series modelling for industrial prognostics and health management},
  journal = {The International Journal of Advanced Manufacturing Technology},
  year    = {2013},
  volume  = {69},
  number  = {5},
  pages   = {1685-1699},
}

@Article{Yu2001,
  author  = {W. Yu and H. Kuffi},
  title   = {A new stress-based fatigue life model for ball bearings},
  journal = {Tribology Transactions},
  year    = {2001},
  volume  = {44},
  number  = {1},
  pages   = {11-18},
}

@Article{Pecht2010,
  author  = {M. Pecht and Jaai},
  title   = {A prognostics and health management roadmap for information and electronics rich-systems},
  journal = {Microelectronics Reliability},
  year    = {2010},
  volume  = {50},
  number  = {3},
  pages   = {317-323},
}

@Article{Liu2012,
  author  = {J. Liu and M. Wang and Y. Yang},
  title   = {A data-model-fusion prognostic framework for dynamic system state forecasting},
  journal = {Engineering Applications of Artificial Intelligence},
  year    = {2012},
  volume  = {25},
  number  = {4},
  pages   = {814-823},
}

@Article{Qian2017,
  author  = {Y. Qian and R. Yan and R. X. Gao},
  title   = {A multi-time scale approach to remaining useful life prediction in rolling bearing},
  journal = {Mechanical Systems and Signal Processing},
  year    = {2017},
  volume  = {83},
  pages   = {549-567},
}

@Article{Gebraeel2005,
  author  = {N. Z. Gebraeel and M. A. Lawley and R. Li and V. Parmeshwaran},
  title   = {Residual-life distributions from component degradation signals: A neural-network approach},
  journal = {IEEE Transactions on Industrial Electronics},
  year    = {2005},
  volume  = {51},
  number  = {3},
  pages   = {150-172},
}

@Article{Benkedjouh2013,
  author  = {T. Benkedjouh and K. Medjaher and N. Zerhouni and S. Rechak},
  title   = {Remaining useful life estimation based on nonlinear feature reduction and support vector regression},
  journal = {Engineering Applications of Artificial Intelligence},
  year    = {2013},
  volume  = {26},
  number  = {7},
  pages   = {1751-1760},
}

@Article{Dong2007,
  author  = {M. Dong and D. He},
  title   = {A segmental hidden semi-Markov model ({HSMM})-based diagnostics and prognostics framework and methodology},
  journal = {Mechanical Systems and Signal Processing},
  year    = {2007},
  volume  = {21},
  number  = {5},
  pages   = {2248-2266},
}

@Article{Sikorska2011,
  author  = {J. Z. Sikorska and M. Hodkiewicz and L. Ma},
  title   = {Prognostic modelling options for remaining useful life estimation by industry},
  journal = {Mechanical Systems and Signal Processing},
  year    = {2011},
  volume  = {25},
  number  = {5},
  pages   = {1803-1836},
}

@Misc{Saxena2008a,
  author       = {A. Saxena and K. Goebel},
  title        = {{PHM08} challenge data set},
  howpublished = {https://ti.arc.nasa.gov/tech/dash/groups/pcoe/prognostic-data-repository/},
  year         = {2008},
}

@Article{Ramasso2014,
  author  = {E. Ramasso},
  title   = {Investigating computational geometry for failure prognostics},
  journal = {International Journal of Prognostics and Health Management},
  year    = {2014},
  volume  = {5},
  number  = {1},
  pages   = {1-18},
}

@Conference{Peng2012,
  author    = {Y. Peng and H. Wang and J. Wang and D. Liu and X. Peng},
  title     = {A modified echo state network based remaining useful life estimation approach},
  booktitle = {IEEE Conference on Prognostics and Health Management},
  year      = {2012},
  pages     = {1-7},
  journal   = {Prognostics and Health Management (PMH)},
}

@Article{Zhang2016,
  author  = {C. Zhang and P. Lim and A.K. Qin and K.C. Tan},
  title   = {Multiobjective deep belief networks ensemble for remaining useful life estimation in prognostics},
  journal = {IEEE Transactions on Neural Networks and Learning Systems},
  year    = {2016},
  volume  = {99},
  pages   = {1-13},
}

@Conference{Babu2016,
  author    = {G. S. Babu and P. Zhao and X. Li},
  title     = {Deep convolutional neural network based regression approach for estimation of remaining useful life},
  booktitle = {21st International Conference on Database Systems for Advanced Applications},
  year      = {2016},
  editor    = {Springer International Publishing},
  pages     = {214-228},
}

@Misc{scipy,
  author = {Eric Jones and Travis Oliphant and Pearu Peterson and others},
  title  = {{SciPy}: Open source scientific tools for {Python}},
  year   = {2001},
  note   = {[Online; accessed 06/2018]},
  url    = {http://www.scipy.org/},
}

@Book{Buhlmann2011,
  title     = {Statistics for High Dimensional Data. Methods, Theory and Applications},
  publisher = {Springer},
  year      = {2011},
  author    = {P. B\"uhlmann and Geer S.},
}

@Misc{Laredo2018,
  author = {Laredo, D. and Chen, X. and Sch\"utze, O. and Sun, J. Q.},
  title  = {{ANN-EA} for {RUL} estimation, source code},
  year   = {2018},
  note   = {[Online]},
  url    = {https://github.com/dlaredo/NASA_RUL_-CMAPS-},
}

@Misc{Laredo2019,
  author = {Laredo, D. and Quin, Y. and Sch\"utze, O. and Sun, J. Q.},
  title  = {Automatic model selection for neural networks, source code},
  year   = {2019},
  note   = {[Online]},
  url    = {https://github.com/dlaredo/automatic_model_selection},
}

@misc{Kong2017,
Author = {Chen Kong and Simon Lucey},
Title = {Take it in your stride: Do we need striding in {CNN}s?},
Year = {2017},
howpublished = {arXiv:1712.02502},
}

@Article{Storn1997,
  author   = {Storn, Rainer and Price, Kenneth},
  title    = {Differential Evolution: {A} Simple and Efficient Heuristic for global Optimization over Continuous Spaces},
  journal  = {Journal of Global Optimization},
  year     = {1997},
  volume   = {11},
  number   = {4},
  pages    = {341-359},
  month    = {Dec},
}

@Article{Laredo2018a,
  author  = {Laredo, D. and Chen, Z. and Schuetze, O. and Sun, JQ.},
  title   = {A Neural Network-Evolutionary Computational Framework for Remaining Useful Life Estimation of Mechanical Systems},
  journal = {Neural Networks},
  year    = {2019},
  volume  = {In press},
  doi     = {https://doi.org/10.1016/j.neunet.2019.04.016},
}

@misc{Real2018,
Author = {Esteban Real and Alok Aggarwal and Yanping Huang and Quoc V Le},
Title = {Regularized Evolution for Image Classifier Architecture Search},
Year = {2018},
howpublished = {arXiv:1802.01548},
}

@misc{AutoKeras2018,
Author = {Haifeng Jin and Qingquan Song and Xia Hu},
Title = {Auto-Keras: An Efficient Neural Architecture Search System},
Year = {2018},
howpublished = {arXiv:1806.10282},
}

@misc{Zhong2017,
Author = {Zhao Zhong and Junjie Yan and Wei Wu and Jing Shao and Cheng-Lin Liu},
Title = {Practical Block-wise Neural Network Architecture Generation},
Year = {2017},
howpublished = {arXiv:1708.05552},
}

@InProceedings{Suganuma2017,
  author    = {Suganuma, M. and Shirakawa, S. and Nagao, T.},
  title     = {A Genetic Programming Approach to Designing Convolutional Neural Network Architectures},
  booktitle = {Proceedings of the Genetic and Evolutionary Computation Conference},
  year      = {2017},
  series    = {GECCO '17},
  pages     = {497-504},
  publisher = {ACM},
}

@misc{AutoML2017,
Author = {Esteban Real and Sherry Moore and Andrew Selle and Saurabh Saxena and Yutaka Leon Suematsu and others},
Title = {Large-Scale Evolution of Image Classifiers},
Year = {2017},
howpublished = {arXiv:1703.01041},
}

@misc{Moritz2017,
Author = {Philipp Moritz and Robert Nishihara and Stephanie Wang and Alexey Tumanov and Richard Liaw and Eric Liang and others},
Title = {Ray: {A} Distributed Framework for Emerging AI Applications},
Year = {2017},
howpublished = {arXiv:1712.05889},
}

@misc{Liu2018,
Author = {Chenxi Liu and Barret Zoph and Maxim Neumann and Jonathon Shlens and Wei Hua and others},
Title = {Progressive Neural Architecture Search},
Year = {2017},
howpublished = {arXiv:1712.00559},
}
}

@misc{Zoph2016,
Author = {Barret Zoph and Quoc V. Le},
Title = {Neural Architecture Search with Reinforcement Learning},
Year = {2016},
howpublish = {arXiv:1611.01578},
}

@Article{Thornton2016,
  author  = {Lars Kotthoff and Chris Thornton and Holger H. Hoos and Frank Hutter and Kevin Leyton-Brown},
  title   = {{Auto-WEKA 2.0}: Automatic model selection and hyperparameter optimization in WEKA},
  journal = {Journal of Machine Learning Research},
  year    = {2017},
  volume  = {18},
  number  = {25},
  pages   = {1-5},
}

@InProceedings{cntk2016,
  author    = {Seide, F. and Agarwal, A.},
  title     = {{CNTK}: Microsoft's Open-Source Deep-Learning Toolkit},
  booktitle = {22nd ACM SIGKDD International Conference on Knowledge Discovery and Data Mining},
  year      = {2016},
  pages     = {2135-2135},
  publisher = {ACM},
}

@Article{mlib2017,
  author  = {Meng, X. and Bradley, J. and Yavuz, B. and Sparks, B. and Venkataraman, S. and Liu, D. and others},
  title   = {{MLlib}: Machine Learning in Apache Spark},
  journal = {Journal of Machine Learning Research},
  year    = {2016},
  volume  = {17},
  number  = {34},
  pages   = {1-7},
}

@misc{Baker2016,
Author = {Bowen Baker and Otkrist Gupta and Nikhil Naik and Ramesh Raskar},
Title = {Designing Neural Network Architectures using Reinforcement Learning},
Year = {2016},
howpublished = {arXiv:1611.02167},
}

@InProceedings{sparks2015,
  author    = {Sparks, E. and Talwalkar, A. and Smith, V. and Kottalam, J. and Pan, X. and Gonzales, J.},
  title     = {Automated model search for large scale machine learning},
  booktitle = {SoCC},
  year      = {2015},
  pages     = {368-380},
}

@Misc{keras2015,
  author       = {Francois, C.},
  title        = {Keras},
  howpublished = {\url{https://github.com/fchollet/keras}},
  year         = {2015},
  publisher    = {GitHub},
}

@InCollection{Feurer2015,
  author    = {Feurer, Matthias and Klein, Aaron and Eggensperger, Katharina and Springenberg, Jost and Blum, Manuel and Hutter, Frank},
  title     = {Efficient and Robust Automated Machine Learning},
  booktitle = {Advances in Neural Information Processing Systems 28},
  publisher = {Curran Associates, Inc.},
  year      = {2015},
  pages     = {2962-2970},
}

@Misc{tensorflow2015,
  author = {Abadi, M. and Agarwal, A. and Barham, P. and Brevdo, E. and Chen, Z. and Citro, C. and Corrado, G. and others},
  title  = {{TensorFlow}: Large-Scale Machine Learning on Heterogeneous Systems},
  year   = {2015},
  note   = {Software available from tensorflow.org},
  url    = {http://tensorflow.org/},
}

@misc{caffe2014,
Author = {Yangqing Jia and Evan Shelhamer and Jeff Donahue and Sergey Karayev and Jonathan Long and others},
Title = {Caffe: Convolutional Architecture for Fast Feature Embedding},
Year = {2014},
howpublished = {arXiv:1408.5093},
}

@InProceedings{Hutter2011,
  author    = {Hutter, F. and Hoos, H. and Leyton-Brown, K.},
  title     = {Sequential Model-based Optimization for General Algorithm Configuration},
  booktitle = {Proceedings of the 5th International Conference on Learning and Intelligent Optimization},
  year      = {2011},
  series    = {LION'05},
  pages     = {507-523},
  publisher = {Springer-Verlag},
}

@InCollection{Bergstra2011,
  author    = {James S. Bergstra and Bardenet, R\'{e}mi and Bengio, Yoshua and Bal\'{a}zs K\'{e}gl},
  title     = {Algorithms for Hyper-Parameter Optimization},
  booktitle = {Advances in Neural Information Processing Systems 24},
  publisher = {Curran Associates, Inc.},
  year      = {2011},
  editor    = {J. Shawe-Taylor and R. S. Zemel and P. L. Bartlett and F. Pereira and K. Q. Weinberger},
  pages     = {2546--2554},
  url       = {http://papers.nips.cc/paper/4443-algorithms-for-hyper-parameter-optimization.pdf},
}

@InProceedings{Zaharia2010,
  author    = {Zaharia, Matei and Chowdhury, Mosharaf and Franklin, Michael J. and Shenker, Scott and Stoica, Ion},
  title     = {Spark: Cluster Computing with Working Sets},
  booktitle = {Proceedings of the 2nd USENIX Conference on Hot Topics in Cloud Computing},
  year      = {2010},
  series    = {HotCloud'10},
  pages     = {10--10},
}

@Book{Sumathi2010,
  title     = {Computational Intelligence Paradigms. Theory and Applications using MATLAB},
  publisher = {CRC Press},
  year      = {2010},
  author    = {Sumathi, S. and Surekha, P.},
}

@misc{Brochu2010,
Author = {Eric Brochu and Vlad M. Cora and Nando de Freitas},
Title = {A Tutorial on {B}ayesian Optimization of Expensive Cost Functions, with Application to Active User Modeling and Hierarchical Reinforcement Learning},
Year = {2010},
howpublished = {arXiv:1012.2599},
}

@Article{Hutter2009,
  author  = {Hutter, F. and Hoos, H. and Leyton-Brown, K. and Stutzle, T.},
  title   = {{ParamILS}: and automatic algorithm configuration framework},
  journal = {Journal of Artificial Intelligence Research},
  year    = {2009},
  volume  = {36},
  number  = {1},
  pages   = {267-306},
}

@InProceedings{imagenet_cvpr09,
  author    = {J. {Deng} and W. {Dong} and R. {Socher} and L. {Li} and and},
  title     = {Image{N}et: A large-scale hierarchical image database},
  booktitle = {2009 IEEE Conference on Computer Vision and Pattern Recognition},
  year      = {2009},
  pages     = {248-255},
  month     = {June},
}

@Book{Ebehart2007,
  title     = {Computational Intelligence},
  publisher = {Morgan Kauffman},
  year      = {2007},
  author    = {Ebehart, R. and Shi, Y.},
}

@InProceedings{Simard2003,
  author    = {Simard, P. and Steinkraus, D. and Platt, J.},
  title     = {Best Practices for Convolutional Neural Networks Applied to Visual Document Analysis},
  booktitle = {the 7th International Conference on Document Analysis and Recognition {(ICDAR} 2003), 2-Volume Set, 3-6 August 2003, Edinburgh, Scotland, {UK}},
  year      = {2003},
  pages     = {958-962},
}

@Book{Hillermeier2001,
  title     = {Nonlinear Multiobjective Optimization},
  publisher = {Springer},
  year      = {2001},
  author    = {Claus Hillermeier},
}

@Article{Angeline1994,
  author   = {Angeline, P. and Saunders, G. and Pollack, J.},
  title    = {An evolutionary algorithm that constructs recurrent neural networks},
  journal  = {IEEE Transactions on Neural Networks},
  year     = {1994},
  volume   = {5},
  number   = {1},
  pages    = {54-65},
}

@Book{holland1992,
  title     = {Adaptation in Natural and Artificial Systems},
  publisher = {MIT Press},
  year      = {1992},
  author    = {Holland, J.},
}

@InProceedings{Krishnakumar1989,
  author    = {Krishnakumar, K.},
  title     = {Micro-genetic algorithms for stationary and non-stationary function optimization},
  booktitle = {SPIE Proceedings: Intelligent Control and Adaptive Systems},
  year      = {1989},
  pages     = {289-296},
}

@misc{Thornton2013,
Author = {Chris Thornton and Frank Hutter and Holger H. Hoos and Kevin Leyton-Brown},
Title = {Auto-{WEKA}: Combined Selection and Hyperparameter Optimization of Classification Algorithms},
Year = {2012},
howpublished = {arXiv:1208.3719},
}

@Article{Hall2009,
  author  = {Hall, M. and Frank, E. and Holmes, G. and Pfahringer, B. and Reutemann, P.and Witten, I.},
  title   = {The {WEKA} data mining software: an update},
  journal = {ACM SIGKDD Explorations Newsletter},
  year    = {2009},
  volume  = {11},
  number  = {1},
  pages   = {10-18},
}

@Article{Schaul2010,
  author  = {Schaul, T. and Bayer, J. and Wierstra, D. and Sun, Y. and Felder, M. and Sehnke, F. and Rucksties, T. and Schmidhuber, J.},
  title   = {PyBrain},
  journal = {Journal of Machine Learning Research},
  year    = {2010},
  volume  = {11},
  pages   = {743-746},
}

@Book{Alpaydn2014,
  title     = {Introduction to Machine Learning},
  publisher = {The MIT Press},
  year      = {2014},
  author    = {Alpaydn, Ethem},
  edition   = {2nd},
}

@InProceedings{Deng2011,
  author    = {Deng L. and Dong, Y.},
  title     = {Deep Convex Network: A Scalable Architecture for Speech Pattern Classification},
  booktitle = {Interspeech},
  year      = {2011},
  pages     = {112-121},
  month     = {August},
  publisher = {International Speech Communication Association},
}

@Book{Engelbrecht2007,
  title     = {Computational Intelligence: An Introduction},
  publisher = {Willey},
  year      = {2007},
  author    = {Engelbrecht, D.},
}

@Article{Lecun1989,
  author  = {Y. {Lecun} and L. {Bottou} and Y. {Bengio} and P. {Haffner}},
  title   = {Gradient-based learning applied to document recognition},
  journal = {Proceedings of the IEEE},
  year    = {1998},
  volume  = {86},
  number  = {11},
  pages   = {2278-2324},
  month   = {Nov},
}

@misc{Lipton15,
Author = {Zachary C. Lipton and John Berkowitz and Charles Elkan},
Title = {A Critical Review of Recurrent Neural Networks for Sequence Learning},
Year = {2015},
howpublished = {arXiv:1506.00019},
}

@Conference{Saxena2008,
  author    = {A. Saxena and K. Goebel and D. Simon and N. Eklund},
  title     = {Damage propagation modeling for aircraft engine Run-to-Failure simulation},
  booktitle = {International Conference On Prognostics and Health Management},
  year      = {2008},
  pages     = {1-9},
  publisher = {IEEE},
}

@article{Laredo2019a,
author = "David Laredo and Zhaoyin Chen and Oliver Schütze and Jian-Qiao Sun",
title = "A neural network-evolutionary computational framework for remaining useful life estimation of mechanical systems",
journal = "Neural Networks",
volume = "116",
pages = "178 - 187",
year = "2019",
}

@Comment{jabref-meta: databaseType:bibtex;}
